 <marc:record>
        <marc:leader>03389cam a2200529 i 4500</marc:leader>
        <marc:controlfield tag="001">1802363</marc:controlfield>
        <marc:controlfield tag="005">20141210124936.0</marc:controlfield>
        <marc:controlfield tag="008">940219s1719    enk           000 1 eng d</marc:controlfield>
        <marc:datafield ind1=" " ind2=" " tag="035">
            <marc:subfield code="a">(OCoLC)ocm70133822</marc:subfield></marc:datafield>
        <marc:datafield ind1=" " ind2=" " tag="035">
            <marc:subfield code="a">(OCoLC)70133822</marc:subfield>
        </marc:datafield>
        <marc:datafield ind1=" " ind2=" " tag="035">
            <marc:subfield code="a">(CStRLIN)PAUGEAX7902-B</marc:subfield>
        </marc:datafield>
        <marc:datafield ind1=" " ind2=" " tag="035">
            <marc:subfield code="a">(PU)notisEAX7902</marc:subfield>
        </marc:datafield>
        <marc:datafield ind1=" " ind2=" " tag="035">
            <marc:subfield code="9">EAX7902</marc:subfield>
        </marc:datafield>
        <marc:datafield ind1=" " ind2=" " tag="035">
            <marc:subfield code="a">1802363</marc:subfield>
        </marc:datafield>
        <marc:datafield ind1=" " ind2=" " tag="040">
            <marc:subfield code="a">PU</marc:subfield>
            <marc:subfield code="c">PU</marc:subfield>
        </marc:datafield>
        <marc:datafield ind1=" " ind2=" " tag="090">
            <marc:subfield code="f">h</marc:subfield>
            <marc:subfield code="n">\\jl\\</marc:subfield>
        </marc:datafield>
        <marc:datafield ind1="0" ind2="4" tag="245">
            <marc:subfield code="a">The secret history of the Prince of the Nazarenes and two turks :</marc:subfield>
            <marc:subfield code="b">to which is added The fatal amour between a beautiful lady and a young nobleman.</marc:subfield>
        </marc:datafield>
        <marc:datafield ind1="0" ind2="0" tag="246">
            <marc:subfield code="a">The secret history of the prince of the Nazarenes and two turks. To which is added, the fatal amour between a beautiful lady, and a young nobleman.</marc:subfield>
            <marc:subfield code="d">Letter-press</marc:subfield>
            <marc:subfield code="g">Full</marc:subfield>
            <marc:subfield code="x">Work</marc:subfield>
        </marc:datafield>
        <marc:datafield ind1=" " ind2=" " tag="260">
            <marc:subfield code="a">London</marc:subfield>
            <marc:subfield code="b">Printed, for J. Moore, near St. Paul\'s-Church-Yard</marc:subfield>
            <marc:subfield code="c">1719.</marc:subfield>
        </marc:datafield>
        <marc:datafield ind1=" " ind2=" " tag="300">
            <marc:subfield code="a">[2], 66 p. ;</marc:subfield>
            <marc:subfield code="c">20 cm.</marc:subfield>
            <marc:subfield code="x">Folio</marc:subfield>
            <marc:subfield code="a">[1 v.]</marc:subfield>
        </marc:datafield>
        <marc:datafield ind1=" " ind2=" " tag="500">
            <marc:subfield code="a">Pagination imperfect: p. 6 repeated, p. 14 omitted.</marc:subfield>
        </marc:datafield>
        <marc:datafield ind1=" " ind2=" " tag="500">
            <marc:subfield code="a">&quot;&quot;Fatal amour&quot;&quot;: p.27-66.&quot;</marc:subfield>
        </marc:datafield>
        <marc:datafield ind1=" " ind2=" " tag="500">
            <marc:subfield code="a">After publication info on TP: &quot;&quot;[Price One Shilling]&quot;</marc:subfield>
        </marc:datafield>
        <marc:datafield ind1=" " ind2=" " tag="500">
            <marc:subfield code="a">&quot;&quot;Two Turks&quot;&quot; on TP is printed in blackletter.&quot;</marc:subfield>
        </marc:datafield>
        <marc:datafield ind1=" " ind2=" " tag="500">
            <marc:subfield code="a">Pages 1-25 consist of &quot;&quot;The Secret History&quot;&quot;, while pages 27-66 consist of &quot;&quot;The Fatal Amour&quot;&quot;. &quot;&quot;The Secret History&quot;&quot; is in third-person, while &quot;&quot;The Fatal Amour&quot;&quot; is epistolary interspersed with editorial remarks.&quot;</marc:subfield>
        </marc:datafield>
        <marc:datafield ind1=" " ind2=" " tag="500">
            <marc:subfield code="a">Library marginalia: back free and pastedown endpapers, final page of text (66).</marc:subfield>
        </marc:datafield>
        <marc:datafield ind1=" " ind2=" " tag="500">
            <marc:subfield code="a">Rebound.</marc:subfield>
        </marc:datafield>
        <marc:datafield ind1=" " ind2=" " tag="500">
            <marc:subfield code="a">Bookseller J. Moore fictitious (ESTC).</marc:subfield>
        </marc:datafield>
        <marc:datafield ind1="4" ind2=" " tag="510">
            <marc:subfield code="a">ESTC (RLIN)</marc:subfield>
            <marc:subfield code="c">T47403</marc:subfield>
        </marc:datafield>
        <marc:datafield ind1="4" ind2=" " tag="510">
            <marc:subfield code="a">McBurney, W.H.  Engl. prose fiction,</marc:subfield>
            <marc:subfield code="c">94</marc:subfield>
        </marc:datafield>
        <marc:datafield ind1="4" ind2=" " tag="510">
            <marc:subfield code="a">Esdaile, A.J.K. Tales</marc:subfield>
            <marc:subfield code="c">p.182.</marc:subfield>
        </marc:datafield>
        <marc:datafield ind1="4" ind2=" " tag="510">
            <marc:subfield code="a">New Cambridge bibl. of Eng. lit.</marc:subfield>
            <marc:subfield code="c">v.2, col.988.</marc:subfield>
        </marc:datafield>
        <marc:datafield ind1=" " ind2=" " tag="520">
            <marc:subfield code="a">Footnote</marc:subfield>
            <marc:subfield code="c">Middle</marc:subfield>
            <marc:subfield code="x">&quot;&quot;* \'Tis presumed by the compiler of these sheets, that the explanation of this heroglyphick, is the peculiar province of the pseudo-Nazarene students, grazing upon the banks of Isis, and famous for inventing annually dark and amusing AEigma\'s.&quot;</marc:subfield>
        </marc:datafield>
        <marc:datafield ind1=" " ind2=" " tag="591">
            <marc:subfield code="a">Humanæ sortes non tribuendæ sunt Fortunæ, aut Casui, aut Siderum influxui; sed Provido Dei Oculo, &amp; ejusdem Manui rectrici.</marc:subfield>
            <marc:subfield code="b">The Orbis Pictus, CXLIX.</marc:subfield>
            <marc:subfield code="c">John Amos Comenius</marc:subfield>
            <marc:subfield code="d">Mens states are not to be attributed to fortune or change, or the influence of the stars, but to the provident eye of God, and to his governing hand.</marc:subfield>
            <marc:subfield code="x">Translation: Charles Hoole, http://www.gutenberg.org/files/28299/28299-h/28299-h.htm</marc:subfield>
            <marc:subfield code="x">Actual text has &quot;&quot;Influxui Siderum&quot;&quot; rather than &quot;&quot;Siderum influxui&quot;&quot;, a parenthetical statement between &quot;&quot;Influxui Siderum&quot;&quot; and &quot;&quot;sed provido&quot;&quot;, and slightly different punctuation.&quot;</marc:subfield>
        </marc:datafield>
        <marc:datafield ind1=" " ind2=" " tag="592">
            <marc:subfield code="a">Third-person</marc:subfield>
            <marc:subfield code="b">Epistolary</marc:subfield>
            <marc:subfield code="b">First-person</marc:subfield>
        </marc:datafield>
        <marc:datafield ind1=" " ind2="4" tag="650">
            <marc:subfield code="a">CHR 1719</marc:subfield>
        </marc:datafield>
        <marc:datafield ind1="1" ind2=" " tag="700">
            <marc:subfield code="a">Moore, J.</marc:subfield>
            <marc:subfield code="4">Printed for</marc:subfield>
            <marc:subfield code="5">Unauthorized</marc:subfield>
        </marc:datafield>
        <marc:datafield ind1="1" ind2=" " tag="700">
            <marc:subfield code="a">Comenius, Johann Amos</marc:subfield>
            <marc:subfield code="d">1592-1670</marc:subfield>
            <marc:subfield code="4">Author (epigraph)</marc:subfield>
            <marc:subfield code="5">Authorized</marc:subfield>
        </marc:datafield>
        <marc:datafield ind1="2" ind2=" " tag="710">
            <marc:subfield code="a">Collection of British and American Fiction, 1660-1830 (University of Pennsylvania)</marc:subfield>
            <marc:subfield code="5">PU</marc:subfield>
        </marc:datafield>
        <marc:datafield ind1="2" ind2=" " tag="710">
            <marc:subfield code="a">Early Novels</marc:subfield>
            <marc:subfield code="5">University of Pennsylvania</marc:subfield>
        </marc:datafield>
        <marc:datafield ind1="0" ind2="1" tag="740">
            <marc:subfield code="a">Fatal amour between a beautiful lady and a young nobleman.</marc:subfield>
        </marc:datafield>
        <marc:datafield ind1=" " ind2=" " tag="948">
            <marc:subfield code="a">jl</marc:subfield>
        </marc:datafield>
        <marc:datafield ind1=" " ind2=" " tag="950">
            <marc:subfield code="l">RBC</marc:subfield>
            <marc:subfield code="a">PR3291.A1</marc:subfield>
            <marc:subfield code="b">S43 1719</marc:subfield>
            <marc:subfield code="i">01/01/01 N</marc:subfield>
            <marc:subfield code="x">010</marc:subfield>
        </marc:datafield>
        <marc:datafield ind1=" " ind2=" " tag="955">
            <marc:subfield code="l">RBC</marc:subfield>
            <marc:subfield code="c">1</marc:subfield>
            <marc:subfield code="s">g. Singer</marc:subfield>
            <marc:subfield code="s">recl. fr. EC7/A100/719s</marc:subfield>
        </marc:datafield>
        <marc:datafield ind1=" " ind2=" " tag="989">
            <marc:subfield code="5">Prince of the Nazarenes</marc:subfield>
            <marc:subfield code="2">Prince</marc:subfield>
            <marc:subfield code="3">Secret</marc:subfield>
            <marc:subfield code="2">Nazarene</marc:subfield>
            <marc:subfield code="2">History</marc:subfield>
            <marc:subfield code="3">Two</marc:subfield>
            <marc:subfield code="2">Turk</marc:subfield>
            <marc:subfield code="6">Add</marc:subfield>
            <marc:subfield code="3">Fatal</marc:subfield>
            <marc:subfield code="2">Amour</marc:subfield>
            <marc:subfield code="3">Beautiful</marc:subfield>
            <marc:subfield code="2">Lady</marc:subfield>
            <marc:subfield code="3">Young</marc:subfield>
            <marc:subfield code="2">Nobleman</marc:subfield>
        </marc:datafield>
        <marc:datafield ind1=" " ind2=" " tag="998">
            <marc:subfield code="n">PU</marc:subfield>
            <marc:subfield code="z">BNA</marc:subfield>
        </marc:datafield>
        <marc:datafield ind1=" " ind2=" " tag="999">
            <marc:subfield code="a">NB</marc:subfield>
            <marc:subfield code="b">7/15/15</marc:subfield>
            <marc:subfield code="c">Swarthmore College</marc:subfield>
            <marc:subfield code="d">IH</marc:subfield>
        </marc:datafield>
    </marc:record>